=LDR  06824cas a2201369 a 4500
=001  013683024
=003  Uk
=005  20220930142727.0
=006  m\\\\\\\\d\\\\\\\\
=007  cr\|||||||||||
=008  090415c20089999sz\br\poo\\\\\0\\\a0eng\d
=FMT  \\$a  SE
=022  0\$a1661-6758$l1661-6499$y1661-6499
=035  \\$a(OCoLC)318533080
=040  \\$aOCLCS$beng$cOCLCS$dOCLCS$dOCLCQ$dTXA$dOCLCQ$dUk
=042  \\$aukblsr
=050  14$aQP141.A1$bJ658
=060  \4$aW1$bJO7975
=082  04$a599.935$223
=222  \0$aJournal of nutrigenetics and nutrigenomics$b(Internet)
=245  00$aJournal of nutrigenetics and nutrigenomics$h[electronic resource].
=246  1\$aJ nutrigenet nutrigenomics
=260  \\$aBasel :$bKarger,$c2007-
=310  \\$aSix no. a year
=336  \\$atext$2rdacontent
=337  \\$acomputer$2rdamedia
=338  \\$aonline resource$2rdacarrier
=362  1\$aBegan with: Vol. 1, no. 1/2 (2008).
=515  \\$aSome numbers issued in combined form.
=538  \\$aMode of access: World Wide Web.
=588  \\$aDescription based on: Vol. 1, no. 1/2 (2008); title from PDF article header (Karger, viewed July 14, 2010).
=588  \\$aLatest issue consulted: Vol. 2, no. 4/5 (2009) (viewed July 14, 2010).
=540  \\$aCurrent copyright fee: GBP35.00$c24\0$5Uk
=650  \0$aNutrition$xGenetic aspects$vPeriodicals.
=650  12$aNutrigenomics$vPeriodicals.
=710  2\$aInternational Society of Nutrigenetics/Nutrigenomics.
=776  08$iPrint version:$tJournal of nutrigenetics and nutrigenomics$x1661-6499
=859  \\$aXLD$bdatasets
=856  \\$31850-9999$uhttp://www.karger.com/$xBLDSS
=856  40$uhttp://rzblx1.uni-regensburg.de/ezeit/warpto.phtml?colors=7&jour_id=85079
=856  40$uhttp://www.karger.com/JNN
=856  40$uhttp://www.karger.com/Journal/Details/232009
=852  41$aBritish Library$bDSC$j5023.999000$3Volume 1:Issue 1/2(2008)-Volume 8:Issue 3(2015)***See ESTAR for full holdings.
=945  \\$aJournal of nutrigenetics and nutrigenomics
=959  \\$fHeld but not currently received
=985  \\$aCONFERENCE ANALYTIC RECORDS EXIST
=CAT  \\$a7174$b40$c20070227$lBLL01$h1639
=CAT  \\$aBATCH-UPD$b00$c20170216$lBLL01$h1913
=CAT  \\$aIPL-CLA$c20170331$lBLL01$h1851
=CAT  \\$aBATCH-UPD$b00$c20170904$lBLL01$h1922
=CAT  \\$aIPL-CLA$c20170929$lBLL01$h1736
=CAT  \\$a12654$b40$c20171114$lBLL01$h0933
=CAT  \\$aBATCH-UPD$b40$c20180223$lBLL01$h1754
=CAT  \\$aIPL-CLA$c20180331$lBLL01$h1628
=CAT  \\$aBATCH-UPD$b00$c20180823$lBLL01$h1939
=CAT  \\$aIPL-CLA$c20180930$lBLL01$h1505
=CAT  \\$aBATCH-UPD$b00$c20190829$lBLL01$h1537
=CAT  \\$aIPL-CLA$c20190930$lBLL01$h1641
=CAT  \\$aBATCH-UPD$b00$c20200219$lBLL01$h1519
=CAT  \\$aIPL-CLA$c20200331$lBLL01$h1617
=CAT  \\$aBATCH-UPD$b00$c20200522$lBLL01$h1504
=CAT  \\$aIPL-CLA$c20200701$lBLL01$h0059
=CAT  \\$aBATCH-UPD$b00$c20201126$lBLL01$h1122
=CAT  \\$aIPL-CLA$c20201231$lBLL01$h1530
=CAT  \\$aBATCH-UPD$b00$c20210226$lBLL01$h1045
=CAT  \\$aIPL-CLA$c20210331$lBLL01$h1701
=CAT  \\$aBATCH-UPD$b00$c20210707$lBLL01$h1609
=CAT  \\$aIPL-CLA$c20210707$lBLL01$h1843
=CAT  \\$aBATCH-UPD$b00$c20220520$lBLL01$h1648
=CAT  \\$aIPL-CLA$c20220630$lBLL01$h1538
=CAT  \\$aBATCH-UPD$b00$c20220824$lBLL01$h0914
=CAT  \\$aIPL-CLA$c20220930$lBLL01$h1427
=CFI  0\$aCurrent copyright fee: GBP35.00$c24\0$e01-oct-2022$fGBP35.00$g0$hP$5Uk
=CFI  2\$aPrevious copyright fee: GBP33.60$c24\0$e01-jul-2022$fGBP33.60$g0$hP$5Uk
=EST  \\$a1
=FFP  \\$aY$bBLDSS-3PM
=FFP  \\$aY$bDATASETS
=FIN  \\$aY$d20131008
=LKR  \\$aPAR$b013776883$lBLL01$nJournal of nutrigenetics and nutrigenomics (Print)$mJournal of nutrigenetics and nutrigenomics (Online)$r776
=MNI  \\$a1661-6499
=SID  \\$aZ39$bOCLC
=TCO  \\$aCHE$bPRO LITTERIS$c008
=TOC  \\$aETOC
=UNO  \\$aY
=ACF  \\$aPrevious copyright fee: GBP23.75$c24\0$e01-oct-2011$fGBP23.75$g0$hP$5Uk
=ACF  \\$aPrevious copyright fee: GBP27.50$c24\0$e01-jul-2011$fGBP27.50$g0$hP$5Uk
=ACF  \\$aPrevious copyright fee: GBP28.39$c24\0$e01-apr-2011$fGBP28.39$g0$hP$5Uk
=ACF  \\$aPrevious copyright fee: GBP19.35$c24\0$e01-jul-2010$fGBP19.35$g0$hP$5Uk
=ACF  \\$aPrevious copyright fee: GBP18.18$c24\0$e01-jan-2010$fGBP18.18$g0$hP$5Uk
=ACF  \\$aPrevious copyright fee: GBP15.76$c24\0$e01-oct-2009$fGBP15.76$g0$hP$5Uk
=ACF  \\$aPrevious copyright fee: GBP18.57$c24\0$e01-apr-2009$fGBP18.57$g0$hP$5Uk
=ACF  \\$aPrevious copyright fee: GBP16.25$c24\0$e01-jan-2009$fGBP16.25$g0$hP$5Uk
=ACF  \\$aPrevious copyright fee: GBP12.25$c24\0$e01-jan-2008$fGBP12.25$g0$hP$5Uk
=ACF  \\$aPrevious Copyright Fee: GBP11.75$c24\0$e01-jul-2007$fGBP11.75$g0$hP$5Uk
=ACF  \\$aCurrent Copyright Fee: GBP12.70$c24\0$e28-feb-2007$fGBP12.70$g0$hP$5Uk
=ACF  \\$aPrevious copyright fee: GBP24.52$c24\0$e01-jan-2012$fGBP24.52$g0$hP$5Uk
=ACF  \\$aPrevious copyright fee: GBP23.03$c24\0$e01-jul-2012$fGBP23.03$g0$hP$5Uk
=ACF  \\$aPrevious copyright fee: GBP23.75$c24\0$e01-jan-2013$fGBP23.75$g0$hP$5Uk
=ACF  \\$aPrevious copyright fee: GBP24.52$c24\0$e01-jul-2013$fGBP24.52$g0$hP$5Uk
=ACF  \\$aPrevious copyright fee: GBP24.69$c24\0$e01-jan-2014$fGBP24.69$g0$hP$5Uk
=ACF  \\$aPrevious copyright fee: GBP23.94$c24\0$e01-jul-2014$fGBP23.94$g0$hP$5Uk
=ACF  \\$aPrevious copyright fee: GBP25.48$c24\0$e01-apr-2015$fGBP25.48$g0$hP$5Uk
=ACF  \\$aPrevious copyright fee: GBP26.33$c24\0$e01-jul-2015$fGBP26.33$g0$hP$5Uk
=ACF  \\$aPrevious copyright fee: GBP25.48$c24\0$e01-oct-2015$fGBP25.48$g0$hP$5Uk
=ACF  \\$aPrevious copyright fee: GBP27.24$c24\0$e01-apr-2016$fGBP27.24$g0$hP$5Uk
=ACF  \\$aPrevious copyright fee: GBP29.26$c24\0$e01-oct-2016$fGBP29.26$g0$hP$5Uk
=ACF  \\$aPrevious copyright fee: GBP31.60$c24\0$e01-apr-2017$fGBP31.60$g0$hP$5Uk
=ACF  \\$aPrevious copyright fee: GBP30.38$c24\0$e01-oct-2017$fGBP30.38$g0$hP$5Uk
=ACF  \\$aPrevious copyright fee: GBP28.21$c24\0$e01-apr-2018$fGBP28.21$g0$hP$5Uk
=ACF  \\$aPrevious copyright fee: GBP30.38$c24\0$e01-oct-2018$fGBP30.38$g0$hP$5Uk
=ACF  \\$aPrevious copyright fee: GBP31.60$c24\0$e01-oct-2019$fGBP31.60$g0$hP$5Uk
=ACF  \\$aPrevious copyright fee: GBP30.38$c24\0$e01-apr-2020$fGBP30.38$g0$hP$5Uk
=ACF  \\$aPrevious copyright fee: GBP31.60$c24\0$e01-jul-2020$fGBP31.60$g0$hP$5Uk
=ACF  \\$aPrevious copyright fee: GBP33.60$c24\0$e01-jan-2021$fGBP33.60$g0$hP$5Uk
=ACF  \\$aPrevious copyright fee: GBP31.11$c24\0$e01-apr-2021$fGBP31.11$g0$hP$5Uk
=ACF  \\$aPrevious copyright fee: GBP30.00$c24\0$e07-jul-2021$fGBP30.00$g0$hP$5Uk
=LAS  \\$aIPL-CLA$b00$c20220930$lBLL01$h1427

