=LDR  05079cas a2201081 i 4500
=001  016216472
=003  Uk
=005  20220930142843.0
=006  m\\\\\\\\d\\\\\\\\
=007  cr\|||||||||||
=008  121121c20139999njuqr\p\s\\\\\0\\\a0eng\\
=FMT  \\$a  SE
=022  0\$a2168-2372
=040  \\$aUk$beng$cUk$erda
=042  \\$aukblsr
=082  04$a610.28$223
=245  00$aIEEE journal of translational engineering in health and medicine.
=246  13$aIJTEHM
=246  1\$iTitle also appears online as:$aTranslational engineering in health and medicine, IEEE journal of
=264  \1$a[Piscataway, NJ] :$bIEEE Engineering in Medicine and Biology Society,$c2013-
=310  \\$aQuarterly
=336  \\$atext$2rdacontent
=337  \\$acomputer$2rdamedia
=338  \\$aonline resource$2rdacarrier
=362  0\$aVolume 1 (2013)-
=500  \\$aTitle from pdf cover (IEEE Xplore Web site, viewed July 15, 2013).
=550  \\$aPublication of the IEEE Engineering in Medicine and Biology Society.
=540  \\$aCurrent copyright fee: GBP27.50$c32\0$5Uk
=650  \0$aBiomedical engineering$vPeriodicals.
=710  2\$aIEEE Engineering in Medicine and Biology Society.
=710  2\$aInstitute of Electrical and Electronics Engineers.
=859  \\$aXLD$bdatasets
=856  \\$31850-9999$uhttp://ieeexplore.ieee.org/Xplore/home.jsp$xBLDSS
=856  40$uhttp://ieeexplore.ieee.org/xpl/RecentIssue.jsp?punumber=6221039
=852  \\$aBritish Library$bDSC$j4362.985600$3Volume 1:(2013)-***See ESTAR for full holdings.
=945  \\$aIEEE journal of translational engineering in health and medicine
=959  \\$fCurrently received
=CAT  \\$a12654$b40$c20121121$lBLL01$h1437
=CAT  \\$aIPL-CLA$c20160930$lBLL01$h1637
=CAT  \\$aBATCH-UPD$b00$c20161122$lBLL01$h1535
=CAT  \\$aIPL-CLA$c20161231$lBLL01$h0007
=CAT  \\$aBATCH-UPD$b00$c20170221$lBLL01$h1736
=CAT  \\$aIPL-CLA$c20170331$lBLL01$h1915
=CAT  \\$aBATCH-UPD$b00$c20170904$lBLL01$h1937
=CAT  \\$aIPL-CLA$c20170929$lBLL01$h1801
=CAT  \\$aBATCH-UPD$b00$c20180223$lBLL01$h1812
=CAT  \\$aIPL-CLA$c20180331$lBLL01$h1702
=CAT  \\$aBATCH-UPD$b00$c20180823$lBLL01$h1952
=CAT  \\$aIPL-CLA$c20180930$lBLL01$h1515
=CAT  \\$aBATCH-UPD$b00$c20190829$lBLL01$h1553
=CAT  \\$aIPL-CLA$c20190930$lBLL01$h1651
=CAT  \\$aBATCH-UPD$b00$c20200219$lBLL01$h1533
=CAT  \\$aIPL-CLA$c20200331$lBLL01$h1629
=CAT  \\$aBATCH-UPD$b00$c20200522$lBLL01$h1517
=CAT  \\$aIPL-CLA$c20200701$lBLL01$h0114
=CAT  \\$aBATCH-UPD$b00$c20210226$lBLL01$h1100
=CAT  \\$aIPL-CLA$c20210331$lBLL01$h1702
=CAT  \\$aBATCH-UPD$b00$c20210707$lBLL01$h1623
=CAT  \\$aIPL-CLA$c20210707$lBLL01$h1844
=CAT  \\$aBATCH-UPD$b00$c20220520$lBLL01$h1704
=CAT  \\$aIPL-CLA$c20220630$lBLL01$h1539
=CAT  \\$aBATCH-UPD$b00$c20220824$lBLL01$h0927
=CAT  \\$aIPL-CLA$c20220930$lBLL01$h1428
=CFI  0\$aCurrent copyright fee: GBP27.50$c32\0$e01-oct-2022$fGBP27.50$g0$hP$5Uk
=CFI  2\$aPrevious copyright fee: GBP26.40$c32\0$e01-jul-2022$fGBP26.40$g0$hP$5Uk
=EST  \\$a1
=FFP  \\$aY$bBLDSS-3PM
=FFP  \\$aY$bDATASETS
=FIN  \\$aY$d20130715
=MNI  \\$a2168-2372
=TOC  \\$aETOC
=UNO  \\$aY
=ACF  \\$aPrevious copyright fee: GBP18.79$c32\0$e21-nov-2012$fGBP18.79$g0$hP$5Uk
=ACF  \\$aPrevious copyright fee: GBP19.38$c32\0$e01-jan-2013$fGBP19.38$g0$hP$5Uk
=ACF  \\$aPrevious copyright fee: GBP20.00$c32\0$e01-jul-2013$fGBP20.00$g0$hP$5Uk
=ACF  \\$aPrevious copyright fee: GBP19.38$c32\0$e01-jan-2014$fGBP19.38$g0$hP$5Uk
=ACF  \\$aPrevious copyright fee: GBP18.79$c32\0$e01-jul-2014$fGBP18.79$g0$hP$5Uk
=ACF  \\$aPrevious copyright fee: GBP20.00$c32\0$e01-apr-2015$fGBP20.00$g0$hP$5Uk
=ACF  \\$aPrevious copyright fee: GBP20.67$c32\0$e01-jul-2015$fGBP20.67$g0$hP$5Uk
=ACF  \\$aPrevious copyright fee: GBP20.00$c32\0$e01-oct-2015$fGBP20.00$g0$hP$5Uk
=ACF  \\$aPrevious copyright fee: GBP21.38$c32\0$e01-apr-2016$fGBP21.38$g0$hP$5Uk
=ACF  \\$aPrevious copyright fee: GBP22.96$c32\0$e01-oct-2016$fGBP22.96$g0$hP$5Uk
=ACF  \\$aPrevious copyright fee: GBP24.44$c32\0$e01-jan-2017$fGBP24.44$g0$hP$5Uk
=ACF  \\$aPrevious copyright fee: GBP26.40$c32\0$e01-apr-2017$fGBP26.40$g0$hP$5Uk
=ACF  \\$aPrevious copyright fee: GBP25.38$c32\0$e01-oct-2017$fGBP25.38$g0$hP$5Uk
=ACF  \\$aPrevious copyright fee: GBP23.57$c32\0$e01-apr-2018$fGBP23.57$g0$hP$5Uk
=ACF  \\$aPrevious copyright fee: GBP25.38$c32\0$e01-oct-2018$fGBP25.38$g0$hP$5Uk
=ACF  \\$aPrevious copyright fee: GBP26.40$c32\0$e01-oct-2019$fGBP26.40$g0$hP$5Uk
=ACF  \\$aPrevious copyright fee: GBP25.38$c32\0$e01-apr-2020$fGBP25.38$g0$hP$5Uk
=ACF  \\$aPrevious copyright fee: GBP26.40$c32\0$e01-jul-2020$fGBP26.40$g0$hP$5Uk
=ACF  \\$aPrevious copyright fee: GBP24.44$c32\0$e01-apr-2021$fGBP24.44$g0$hP$5Uk
=ACF  \\$aPrevious copyright fee: GBP23.57$c32\0$e07-jul-2021$fGBP23.57$g0$hP$5Uk
=LAS  \\$aIPL-CLA$b00$c20220930$lBLL01$h1428

