=LDR  05064cas a2201189 a 4500
=001  012433600
=003  Uk
=005  20211231154201.0
=006  m\\\\\o\\d\\\\\\\\
=007  cr\cnu||||||||
=008  040330c20049999nyumr\pso\\\\\0\\\a0eng\c
=FMT  \\$a  SE
=010  \\$a  2004700028
=019  c\$a103025886
=022  0\$a1558-349X$l1546-1440$21
=035  \\$a(OCoLC)54837184$z(OCoLC)60629719
=040  \\$aOUN$beng$cOUN$dNLM$dOCLCQ$dPIT$dOCL$dOCLCQ$dNSD$dKSU$dOCLCQ$dOPELS$dOCLCF$dOCLCA$dDLC$dOCL$dOCLCQ$dUk
=042  \\$aukblsr
=050  14$aR895.A1$bJ685
=082  04$a616.075705$223
=130  0\$aJournal of the American College of Radiology (Online)
=210  0\$aJ. Am. Coll. Radiol.$b(Online)
=222  \0$aJournal of the American College of Radiology$b(Online)
=245  10$aJournal of the American College of Radiology$h[electronic resource] :$bJACR.
=246  30$aJACR
=260  \\$a[New York] :$bPublished by Elsevier for the American College of Radiology,$c©2004-
=310  \\$aMonthly
=336  \\$atext$btxt$2rdacontent
=337  \\$acomputer$bc$2rdamedia
=338  \\$aonline resource$bcr$2rdacarrier
=362  0\$aVol. 1, issue 1 (Jan. 2004)-
=500  \\$aTitle from issue table of contents (publisher's Web site PDF, viewed July 29, 2004).
=525  \\$aSupplements accompany some issues.
=588  \\$aLatest issue consulted: Volume 13, issue 8 (August 2016) (ScienceDirect, viewed August 10, 2016).
=540  \\$aCurrent copyright fee: GBP34.30$c5\1$5Uk
=650  \0$aMedical radiology$vPeriodicals.
=650  \0$aDiagnostic imaging$vPeriodicals.
=650  12$aRadiography.
=650  22$aRadiology.
=650  \7$aMedical radiology.$2fast$0(OCoLC)fst01088281
=655  \2$aPeriodicals.
=655  \4$aElectronic journals.
=655  \7$aPeriodicals.$2fast$0(OCoLC)fst01411641
=710  2\$aAmerican College of Radiology.
=776  08$iPrint version:$tJournal of the American College of Radiology$x1546-1440
=856  \\$31850-9999$uhttp://www.elsevier.com/journals$xBLDSS
=859  \\$aXLD$bdatasets
=856  40$3ClinicalKey$uhttp://www.clinicalkey.com/dura/browse/journalIssue/15461440
=856  40$3ClinicalKey$uhttp://www.clinicalkey.com.au/dura/browse/journalIssue/15461440
=856  40$3ScienceDirect$uhttp://www.sciencedirect.com/science/journal/15461440
=856  40$uhttp://www.jacr.org/
=852  41$aBritish Library$bDSC$j4685.782500$3Volume 1:Issue 1(2004)-Volume 8:Issue 2(2011)***See ESTAR for full holdings.
=945  \\$aJournal - American College of Radiology
=959  \\$fHeld but not currently received
=985  \\$aCONFERENCE ANALYTIC RECORDS EXIST
=A02  \\$a103025886
=CAT  \\$aCONV$b00$c20040425$lBLL90$h0713
=CAT  \\$aBATCH$b00$c20090101$lBLL01$h0221
=CAT  \\$aBATCH$b00$c20091210$lBLL01$h2330
=CAT  \\$aBATCH$b00$c20091214$lBLL01$h0842
=CAT  \\$aBATCH$b00$c20091216$lBLL01$h0216
=CAT  \\$aWR10_164$c20101215$lBLL01$h1510
=CAT  \\$aBATCH-UPD$b00$c20111123$lBLL01$h1852
=CAT  \\$aIPL-CLA$c20111230$lBLL01$h2013
=CAT  \\$aCDS12-UPD$b40$c20120206$lBLL01$h1842
=CAT  \\$aBATCH-CLA$b00$c20121109$lBLL01$h1734
=CAT  \\$aBATCH-UPD$b00$c20121121$lBLL01$h1655
=CAT  \\$aIPL-CLA$c20121231$lBLL01$h1309
=CAT  \\$aIPL-CLA$c20130102$lBLL01$h1726
=CAT  \\$aWR13.005$c20130323$lBLL01$h1510
=CAT  \\$a8342$b40$c20140314$lBLL01$h0957
=CAT  \\$aBLDSS-3PM$b00$c20141222$lBLL01$h1713
=CAT  \\$a5552$b40$c20160129$lBLL01$h1054
=CAT  \\$aBATCH-CORR$c20160706$lBLL01$h1110
=CAT  \\$aBATCH-UPD$b00$c20160706$lBLL01$h1110
=CAT  \\$a8124$b40$c20160810$lBLL01$h0902
=CAT  \\$aBATCH-UPD$b40$c20171121$lBLL01$h1742
=CAT  \\$aIPL-CLA$c20171231$lBLL01$h1623
=CAT  \\$aBATCH-UPD$b00$c20190521$lBLL01$h1434
=CAT  \\$aIPL-CLA$c20190630$lBLL01$h1531
=CAT  \\$aBATCH-UPD$b00$c20211119$lBLL01$h1552
=CAT  \\$aIPL-CLA$c20211231$lBLL01$h1542
=CFI  0\$aCurrent copyright fee: GBP34.30$c5\1$e01-jan-2022$fGBP34.30$g0$hP$5Uk
=CFI  2\$aPrevious copyright fee: GBP32.84$c5\1$e01-jul-2019$fGBP32.84$g0$hP$5Uk
=EST  \\$a1
=FFP  \\$aY$bBLDSS-3PM
=FFP  \\$aY$bDATASETS
=FIN  \\$aY
=LEO  \\$aMP10.0000630870
=MNI  \\$a1546-1440
=SID  \\$aZ39$bOCLC
=SRC  \\$aDSS01$bbibmp10.200404.2.aa
=TCO  \\$aTRS$bCCC$c008
=TOC  \\$aETOC
=ACF  \\$aPrevious copyright fee: GBP19.00$c5\1$e01-jan-2008$fGBP19.00$g0$hP$5Uk
=ACF  \\$aPrevious Copyright Fee: GBP18.00$c5\1$e01-apr-2004$fGBP18.00$g0$hP$5Uk
=ACF  \\$aCurrent copyright fee: GBP20.00$c5\1$e31-mar-2004$fGBP20.00$g0$hP$5Uk
=ACF  \\$aPrevious copyright fee: GBP20.00$c5\1$e01-jan-2009$fGBP20.00$g0$hP$5Uk
=ACF  \\$aPrevious copyright fee: GBP21.00$c5\1$e01-jan-2012$fGBP21.00$g0$hP$5Uk
=ACF  \\$aPrevious copyright fee: GBP22.50$c5\1$e01-jan-2013$fGBP22.50$g0$hP$5Uk
=ACF  \\$aPrevious copyright fee: GBP23.40$c5\1$e01-jan-2018$fGBP23.40$g0$hP$5Uk
=LAS  \\$aIPL-CLA$b00$c20211231$lBLL01$h1542

